@mastersthesis{2020_Tomasi_MAScThesis,
  author = {Justin Tomasi},
  title = {Learned Adjustments to Photometric Camera Parameters for Improved Visual Motion Estimation},
  school = {University of Toronto},
  year = 2020
}

@article{2021_Tomasi_Parameters,
  author = {Tomasi, Justin and Wagstaff, Brandon and Kelly, Jonathan Kelly},
  journal = {{IEEE} International Conference on Robotics and Automation},
  title = {{Learned Adjustments to Photometric Camera Parameters for Improved Visual Motion Estimation in Challenging Conditions}},
  year = {2021},
  note = {Under review}
}

@article{Clement2020,
author = {Clement, Lee and Gridseth, Mona and Tomasi, Justin and Kelly, Jonathan},
journal = {IEEE Robotics and Automation Letters},
number = {2},
pages = {1492--1499},
title = {{Learning Matchable Image Transformations for Long-Term Metric Visual Localization}},
volume = {5},
year = {2020}
}



